<?xml version="1.0" encoding="UTF-8"?><collection xmlns="http://www.loc.gov/MARC21/slim"><record><leader>00426nam--2200157-i-4500</leader><controlfield tag="001">000013942</controlfield><controlfield tag="002">20161230</controlfield><controlfield tag="005">20170305211237</controlfield><controlfield tag="008">060222s1000------------r-----000-0-eng-d</controlfield><datafield ind1=" " ind2=" " tag="100"><subfield code="a">Clemens, Herbert C</subfield></datafield><datafield ind1=" " ind2=" " tag="245"><subfield code="a">A scrapbook of complex curve theory</subfield></datafield><datafield ind1=" " ind2=" " tag="260"><subfield code="a">New York</subfield><subfield code="b">Plenum Press</subfield><subfield code="c">1980</subfield></datafield><datafield ind1=" " ind2=" " tag="300"><subfield code="a">IX + 186 p</subfield></datafield><datafield ind1=" " ind2=" " tag="490"><subfield code="a">The University Series In Mathematics</subfield></datafield><datafield ind1=" " ind2=" " tag="852"><subfield code="a">49347</subfield><subfield code="c">512</subfield></datafield><datafield ind1=" " ind2=" " tag="CAT"><subfield code="a">SYS</subfield><subfield code="c">20170305</subfield><subfield code="h">211237</subfield></datafield></record></collection>